<record><leader>00000cas a22000007a 4500</leader><controlfield tag="001">11944497</controlfield><controlfield tag="008">850420d18631869ohuwr ne      0    0eng d</controlfield><datafield ind1=" " ind2=" " tag="010"><subfield code="a">sn 85038241 </subfield></datafield><datafield ind1=" " ind2=" " tag="040"><subfield code="a">NPY</subfield><subfield code="b">eng</subfield><subfield code="c">NPY</subfield><subfield code="d">ONP</subfield><subfield code="d">OCLCQ</subfield></datafield><datafield ind1=" " ind2=" " tag="042"><subfield code="a">msc</subfield></datafield><datafield ind1="0" ind2="4" tag="245"><subfield code="a">The Bryan union press.</subfield></datafield><datafield ind1=" " ind2=" " tag="260"><subfield code="a">Bryan, Ohio :</subfield><subfield code="b">W.M. Starr,</subfield><subfield code="c">1863-1869.</subfield></datafield><datafield ind1=" " ind2=" " tag="300"><subfield code="a">v.</subfield></datafield><datafield ind1=" " ind2=" " tag="310"><subfield code="a">Weekly</subfield></datafield><datafield ind1="0" ind2=" " tag="362"><subfield code="a">Vol. 2, no. 1 (Aug. 20, 1863)-v. 8, no. 10 (Oct. 21, 1869).</subfield></datafield><datafield ind1=" " ind2=" " tag="500"><subfield code="a">"Republican."</subfield></datafield><datafield ind1=" " ind2=" " tag="752"><subfield code="a">United States</subfield><subfield code="b">Ohio</subfield><subfield code="c">Williams</subfield><subfield code="d">Bryan.</subfield></datafield><datafield ind1="0" ind2="0" tag="780"><subfield code="t">Press and leader (Bryan, Ohio)</subfield><subfield code="w">(DLC)sn 87076820</subfield></datafield><datafield ind1="0" ind2="0" tag="785"><subfield code="t">Bryan press (Bryan, Ohio : 1869)</subfield><subfield code="w">(DLC)sn 85034411</subfield></datafield></record>